@Book{tanenbaum:16,
  author = 	 {Andrew S. Tanenbaum and Herbert Bos},
  title = 	 {Sistemas Operacionais Modernos},
  publisher = 	 {Pearson Education do Brasil},
  year = 	 {2016},
  edition = 	 {4Âª}
}

@Misc{kerrisk:20,
	author = {Michael Kerrisk},
	howpublished =
	{{https://man7.org/linux/man-pages/index.html}},
	month = {Setembro},
	note = {Acessado em 20 set. 2020},
	title = {Linux man pages online},
	url = {{https://man7.org/linux/man-pages/index.html}},
	urlacessdate = {20 set. 2020},
	year = {2020}
}
