@Book{tanenbaum:16,
  author = 	 {Andrew S. Tanenbaum and Herbert Bos},
  title = 	 {Sistemas Operacionais Modernos},
  publisher = 	 {Pearson Education do Brasil},
  year = 	 {2016},
  edition = 	 {4Âª}
}

@Misc{clement:20,
	author = {J. Clement},
	howpublished =
	{{https://www.statista.com/statistics/266210/number-of-available-applications-in-the-google-play-store}},
	month = {Setembro},
	note = {Acessado em 27 set. 2020},
	title = {Number of available applications in the Google Play Store from December 2009 to June 2020},
	url = {{https://www.statista.com/statistics/266210/number-of-available-applications-in-the-google-play-store}},
	urlacessdate = {27 set. 2020},
	year = {2020}
}

@Misc{kerrisk:20,
	author = {Michael Kerrisk},
	howpublished =
	{{https://man7.org/linux/man-pages/index.html}},
	month = {Setembro},
	note = {Acessado em 20 set. 2020},
	title = {Linux man pages online},
	url = {{https://man7.org/linux/man-pages/index.html}},
	urlacessdate = {20 set. 2020},
	year = {2020}
}

@Misc{linuxhint:20,
	author = {Linux Hint LLC informational site},
	howpublished =
	{{https://linuxhint.com}},
	month = {Setembro},
	note = {Acessado em 19 set. 2020},
	title = {Linux Hint},
	url = {{https://linuxhint.com}},
	urlacessdate = {20 set. 2020},
	year = {2020}
}
