@Book{tanenbaum:16,
  author = 	 {Andrew S. Tanenbaum and Herbert Bos},
  title = 	 {Sistemas Operacionais Modernos},
  publisher = 	 {Pearson Education do Brasil},
  year = 	 {2016},
  edition = 	 {4Âª}
}

@Misc{kerrisk:20,
	author = {Michael Kerrisk},
	howpublished =
	{{https://man7.org/linux/man-pages/index.html}},
	month = {Setembro},
	note = {Acessado em 20 set. 2020},
	title = {Linux man pages online},
	url = {{https://man7.org/linux/man-pages/index.html}},
	urlacessdate = {20 set. 2020},
	year = {2020}
}

@Misc{robbins:00,
	author = {Daniel Robbins},
	howpublished =
	{{https://www.ibm.com/developerworks/library/l-posix1/index.html}},
	month = {Julho},
	note = {Acessado em 20 out. 2020},
	title = {POSIX threads explained},
	url = {{https://www.ibm.com/developerworks/library/l-posix1/index.html}},
	urlacessdate = {20 out. 2020},
	year = {2000}
}

@Misc{ibm:20,
	author = {IBM},
	howpublished =
	{{https://www.ibm.com/support/knowledgecenter/ssw-aix-72/p-bostechref/pthread-barrier-destroy.html}},
	month = {Outubro},
	note = {Acessado em 15 out. 2020},
	title = {pthread-barrier-destroy or pthread-barrier-init Subroutine},
	url = {{https://www.ibm.com/support/knowledgecenter/ssw_aix_72/p_bostechref/pthread_barrier_destroy.html}},
	urlacessdate = {15 out. 2020},
	year = {2020}
}
